% Encoding: UTF-8

@Misc{NIST_ASD,
author = {A.~Kramida and {Yu.~Ralchenko} and
J.~Reader and {and NIST ASD Team}},
HOWPUBLISHED = {{NIST Atomic Spectra Database
(ver. 5.6.1), [Online]. Available:
{\texttt{https://physics.nist.gov/asd}} [2018, November 28].
National Institute of Standards and Technology,
Gaithersburg, MD.}},
year = {2018},
}

@InBook{dem:exp3,
  title     = {Experimentalphysik 3: Atome, Molek\"ule und Festk\"orper},
  publisher = {Springer Spektrum},
  year      = {2015},
  author    = {Wolfgang Demtr\"oder},
  editor    = {Wolfgang Demtr\"oder},
  owner     = {chajia},
  timestamp = {2018.11.22},
}

@InBook{dem:exp3-linienbreite,
  Title                    = {Experimentalphysik 3: Atome, Molek\"ule und Festk\"orper},
  Author                   = {Wolfgang Demtr\"oder},
  Chapter                  = {7},
  Editor                   = {Wolfgang Demtr\"oder},
  Pages                    = {226 ff.},
  Publisher                = {Springer Spektrum},
  Year                     = {2015},

  Owner                    = {chajia},
  Timestamp                = {2018.11.13}
}

@InBook{dem:exp3-hyperfeinstruktur,
  Title                    = {Experimentalphysik 3: Atome, Molek\"ule und Festk\"orper},
  Author                   = {Wolfgang Demtr\"oder},
  Chapter                  = {5},
  Editor                   = {Wolfgang Demtr\"oder},
  Pages                    = {163 f.},
  Publisher                = {Springer Spektrum},
  Year                     = {2015},

  Owner                    = {chajia},
  Timestamp                = {2018.10.26}
}

@InBook{dem:exp3-normaler-zeeman,
  Title                    = {Experimentalphysik 3: Atome, Molek\"ule und Festk\"orper},
  Author                   = {Wolfgang Demtr\"oder},
  Chapter                  = {5},
  Editor                   = {Wolfgang Demtr\"oder},
  Pages                    = {149 ff.},
  Publisher                = {Springer Spektrum},
  Year                     = {2015},

  Owner                    = {chajia},
  Timestamp                = {2018.10.26}
}

@InBook{dem:laser,
  Title                    = {Laserspektroskopie, Grundlagen und Techniken},
  Author                   = {Wolfgang Demtr\"oder},
  Chapter                  = {4},
  Editor                   = {Wolfgang Demtr\"oder},
  Pages                    = {96 ff.},
  Publisher                = {Springer Spektrum},
  Year                     = {2007},

  Owner                    = {chajia},
  Timestamp                = {2018.10.26}
}

@Misc{fein-hyp,
  Title                    = {Ein Experiment zum zustandsabh\"angigen
Transport einzelner Atome},

  Author                   = {Daniel D\"oring},
  Year                     = {2007},

  Owner                    = {chajia},
  Timestamp                = {2018.10.31},
  Url                      = {http://quantum-technologies.iap.uni-bonn.de/de/diplom-theses.html?task=download&file=19&token=e47bccf71122938faedc79fdec569524}
}

@InBook{grif:quanten,
  Title                    = {Quantenmechanik, Lehr- und Übergangsbuch},
  Author                   = {David J. Griffiths},
  Chapter                  = {9},
  Editor                   = {David J. Griffiths},
  Pages                    = {402 ff.},
  Publisher                = {Pearson},
  Year                     = {2012},

  Owner                    = {chajia},
  Timestamp                = {2018.10.26}
}

@Misc{quant,
  Title                    = {Aufbau und Untersuchung eines stabilisierten
Lasersystems für die Bose-Einstein-Kondensation},

  Author                   = {Stefan Marenbach},
  Year                     = {2001},

  Comment                  = {Kapitel 2, S. 6 ff.},
  Owner                    = {chajia},
  Timestamp                = {2018.10.31},
  Url                      = {http://quantum-technologies.iap.uni-bonn.de/en/diplom-theses.html?task=download&file=261&token=98aab9f4a4879f70120e493dba9d8e34}
}

@Misc{fabry-perot,
  Title                    = {A CONFOCAL FABRY-PEROT INTERFEROMETER
FOR USE IN LIDAR RECEIVERS},

  Author                   = {Kerry Ann Neal},
  Year                     = {2009},

  Owner                    = {chajia},
  Timestamp                = {2018.10.31},
  Url                      = {http://citeseerx.ist.psu.edu/viewdoc/download?doi=10.1.1.428.404&rep=rep1&type=pdf}
}

@Misc{czerny,
  author   = {Daniel P. Sablowski},
  title    = {Grundlagen des Czerny-Turner Spektrometers},
  month    = {02/2015},
  year     = {2015},
  abstract = {Ein Czerny-Turner Spektrometer ist im Hinblick auf den optischen und
mechanischen Aufbau sehr einfach gehalten und zugleich sehr leistungsfähig.
Er findet in der Astronomie insbesondere bei der Sonnenbeobachtung Einsatz,
jedoch ist auch an eine Nutzung am Teleskop zu denken. Ein Nachteil
ist seine relativ sperrige Bauform, wie später noch zu sehen sein wird. Nach
den Erfahrungen des Autors mit einem kleinen Czerny-Turner für die Sonne
(Sonnen-Spektrograph für Schüler; ausleihbar von der Fachgruppe Spektroskopie
der Vereinigung der Sternfreunde e.V.) kann ein solches Spektrometer
sehr einfach realisiert werden. Auch der Anspruch an die Qualität der optischen
Komponenten hält sich in Grenzen. Da jedoch einige wichtige Dinge
bei der Auslegung des optischen Layouts beachtet werden müssen, ist dieser
Artikel entstanden. Er hat das Ziel, dem Leser in kurzer Form alle relevanten
Grundlagen dieses Spektrometerdesigns näher zu bringen, um die Fähigkeit
zur Eigenkonstruktion zu vermitteln.},
}

@Misc{wiki:ccd,
  author = {Wikipedia},
  title  = {CCD-Sensor --- Wikipedia{,} Die freie Enzyklopädie},
  year   = {2018},
  note   = {[Online; Stand 23. November 2018]},
  url    = {https://de.wikipedia.org/w/index.php?title=CCD-Sensor&oldid=180762731},
}

@Misc{ndyag,
  author       = {W. Luhs},
  title        = {Diode pumped Nd:YAG Laser},
  howpublished = {MEOS GmbH},
  year         = {1992},
}

@Misc{wiki:kerbfilter,
  author = {Wikipedia},
  title  = {Kerbfilter --- Wikipedia{,} Die freie Enzyklopädie},
  year   = {2018},
  note   = {[Online; Stand 23. November 2018]},
  url    = {https://de.wikipedia.org/w/index.php?title=Kerbfilter&oldid=179875493},
}

@Misc{schwingungsspek,
  author    = {Dr. Christian Merten},
  title     = {Schwingungsspektroskopie},
  year      = {2018},
  timestamp = {2018-11-22},
  url       = {http://www.ruhr-uni-bochum.de/chirality/mam/content/2_infrarot_teil1.pdf},
}

@Misc{raman-ir,
  author    = {Dr. Mehboob Peeran},
  title     = {Comparison of Raman and IR Spectroscopy},
  timestamp = {2018-11-22},
  url       = {http://www.chemvista.org/ramanIR4.html},
}

@Misc{molekuel,
  author    = {Chempedia Autoren},
  title     = {Molekülschwingungen},
  timestamp = {2018-11-22},
  url       = {http://www.chemgapedia.de/vsengine/vlu/vsc/de/ch/3/anc/ir_spek/molekuelschwingungen.vlu/Page/vsc/de/ch/3/anc/ir_spek/schwspek/mol_spek/ir3_1/dreiatomlinear_m19ht0300.vscml.html},
}

@Misc{cosmos,
  author    = {cosmos-indirekt Autoren},
  title     = {Rayleigh-Streuung},
  timestamp = {2018-11-22},
  url       = {https://physik.cosmos-indirekt.de/Physik-Schule/Rayleigh-Streuung},
}

@Misc{wiki:rayleigh,
  author = {Wikipedia},
  title  = {Rayleigh scattering --- Wikipedia{,} Die freie Enzyklopädie},
  year   = {2018},
  note   = {[Online; Stand 23. November 2018]},
  url    = {https://de.wikipedia.org/w/index.php?title=CCD-Sensor&oldid=180762731},
}

@Misc{spektrum:rayleigh,
  author    = {Spektrum Autoren},
  title     = {Raleigh-Streuung},
  timestamp = {2018-11-22},
  url       = {https://www.spektrum.de/lexikon/optik/rayleigh-streuung/2774},
}

@Comment{jabref-meta: databaseType:bibtex;}
